@inproceedings{vukadinovic2005fully,
  title={Fully automatic facial feature point detection using gabor feature based boosted classifiers},
  author={Vukadinovic, Danijela and Pantic, Maja},
  booktitle={Systems, Man and Cybernetics, 2005 IEEE International Conference on},
  volume={2},
  pages={1692--1698},
  year={2005},
  organization={IEEE}
}

@article{del2016automated,
	title={Automated border control e-gates and facial recognition systems},
	author={del Rio, Jose Sanchez and Moctezuma, Daniela and Conde, Cristina and de Diego, Isaac Martin and Cabello, Enrique},
	journal={computers \& security},
	volume={62},
	pages={49--72},
	year={2016},
	publisher={Elsevier}
}



@article{bdi2010Verordnung,
	title={Verordnung über Personalausweise und	den elektronischen Identitätsnachweis (Personalausweisverordnung - PAuswV)},
	author={Bundesministerium des Innern},
	%journal={computers \& security},
	%volume={62},
	pages={Anhang 3, Abschnitt 2},
	year={2010},
	%publisher={Elsevier}
}